
@book{kaufman,
    author    = "H. R. Kaufman",
    title     = "Technology of Electron-Bombardment Ion Thrusters, in Advances in Electronics and Electron Physics",
    year      = "1974",
    publisher = "New York: Academic Press",
    volume = "vol. 36, edited by L. Marton"
}

@online{fundamentalsofelectricpropulsion,
    author    = "Dan M. Goebel and Ira Katz",
    title     = "Fundamentals of Electric Propulsion: Ion and Hall Thrusters",
    month     = "March",
    year      = "2008",
    publisher = "New York: Academic Press",
    volume = "vol. 36, edited by L. Marton",
    howpublished  = "\href{https://descanso.jpl.nasa.gov/SciTechBook/series1/Goebel__cmprsd_opt.pdf}{Website}"
}

@online{nasa,
    author    = "NASA",
    title     = "NASA Ion Thruster Operation Pic",
    howpublished = "\href{https://www.grc.nasa.gov/www/ion/overview/overview.htm}{Website}",
}

@online{mitcourse,
    author    = "MIT Open Course Ware",
    title     = "Electrostatic Thrusters (Kaufman Ion Engines)",
    howpublished = "\href{
https://ocw.mit.edu/courses/aeronautics-and-astronautics/16-522-space-propulsion-spring-2015/lecture-notes/MIT16_522S15_Lecture10-11.pdf}{Website}",
}

@online{erosion,
    author =       "J. R. Brophy, I. Katz, J. E. Polk, and J. R. Anderson",
    title =        "Numerical Simulations of Ion Thruster Accelerator Grid Erosion",
    journal =      "AIAA-2002-
4261, 38th Joint Propulsion Conference",
    date =          "July 7â€“10",
    year =         " 2002",
    howpublished =  "\href{http://dx.doi.org/10.1002/andp.19053221004}{Website}"
}

@online{lifetime1,
    author =       "SUN Anbang, MAO Genwang, YANG Juan,
XIA Guangqing, CHEN Maolin, HUO Chao",
    title =        "Particle Simulation of Three-Grid ECR Ion Thruster Optics and Erosion Prediction",
    journal =      "Plasma Science and Technology",
    volume =       "12",
    number =       "2",
    month =         "April",
    year =         "2010",
    howpublished = "\href{https://www.researchgate.net/profile/Anbang_Sun/publication/230950740_Particle_Simulation_of_Three-Grid_ECR_Ion_Thruster_Optics_and_Erosion_Prediction/links/0deec52a0f639c3e44000000/Particle-Simulation-of-Three-Grid-ECR-Ion-Thruster-Optics-and-Erosion-Prediction.pdf}{Website}"
}

@online{lifetime2,
    author =       "Jonathan L. Van Noord",
    title =        "Lifetime Assessment of the NEXT Ion Thruster ",
    journal =      "43rd AIAA/ASME/SAE/ASEE Joint Propulsion Conference & Exhibit ",
    date =          "8 - 11 July ",
    year =         " 2007",
    howpublished= "\href{https://www.grc.nasa.gov/www/ion/pdfdocs/AIAA-2007-5274.pdf}{Website}"
}

@online{highspecificimpulse,
    author =       "Yoshinori Nakayama and Paul J. Wilbur ",
    title =        "Numerical Simulation of High Specific Impulse Ion
Thruster Optics",
    journal =      " 27th International Electric Propulsion Conference, Pasadena, CA, ,  ",
    volume =       "12",
    number =       "2",
    date =          "15-19 October",
    year =         "2001",
    howpublished =        "\href{http://erps.spacegrant.org/uploads/images/images/iepc_articledownload_1988-2007/2001index/2002iepc/papers/t09/99_1.pdf}{Website}"
}

@online{model1ref,
    author =       "J. H. Whealton, R. W. McGaffey, and P. S. Meszaros",
    title =        "A Finite Difference 3-D Poisson-Vlasov Algorithm for Ions Extracted from a Plasma* ",
    journal =      "Journal of Computational Physics",
    volume =       "63",
    number =       "20-32",
    year =         "1986",
    howpublished = "\href{https://ac.els-cdn.com/0021999186900823/1-s2.0-0021999186900823-main.pdf?_tid=0d6b6168-c726-11e7-8faf-00000aacb362&acdnat=1510435371_2affb21fe8453673d0b922a35578e427}{Website}"
}

@online{misalignment1,
    author =       "L. D. Stewart, J. Kim, and S. Matsuda",
    title =        "Beam focusing by aperture displacement in multiampere ion sources",
    journal =      "Review of Scientific Instruments",
    volume =       "46",
    number =       "1193",
    year =         "1975",
    howpublished  = "\href{http://aip.scitation.org/doi/10.1063/1.1134443}{Website}"
}

@online{misalignment2,
    author =       "Yasushi Okawa, Yukio Hayakawa and Shoji Kitamura",
    title =        "Experiments on Ion Beam Deflection Using Ion Optics with Slit Apertures",
    journal =      "Japanese Journal of Applied Physics, Volume 43, Part 1, Number 3",
    volume =       "43, Part 1",
    number =       "3",
    date =          "10 March",
    year =         "2004",
    howpublished  =  "\href{http://iopscience.iop.org/article/10.1143/JJAP.43.1136}{Website}"
}

@online{aperturegrids,
    author    = "Daniel E. Hedges, Jere S. Meserole, Jr., Michael E. Rorabaugh",
    title     = "Method for making an ion thruster grid ",
    howpublished = "\href{https://www.google.com/patents/US5551904}{Website}"
}

@book{maglenstheory,
    author=     "P.W.Hawkes",
    title=  "Magnetic Lens Theory",
    Year=   "1982",
    Volume= "18",
    Publisher=  "Springer, Berlin, Heidelberg"
}

@article{Electrmic,
    author="M.Deutsch, L.G.Elliott, R.D. Evans",
    title="Theory, Design, and Applications of a Short Magnetic Lens Electron Spectrometer",
    journal="Review of Scientific Instruments",
    Volume="15",
    Number="17",
    year="1944",
    howpublished  = "\href{http://aip.scitation.org/doi/pdf/10.1063/1.1770263}{Website}"
}

@article{designmaglens,
    author="E.Munro",
    title="Design and optimization of magnetic lenses and deflection systems for electron beams",
    journal="Journal of Vacuum Science and Technology 12, 1146 (1975)",
    year="1998",
    month="June",
    Volume="12",
    issue="6",
    howpublished =  "\href{http://avs.scitation.org/doi/pdf/10.1116/1.568477}{Website}"
}

@book{booktheory,
    author="Karl R. Spangenberg",
    title="Vacuum Tubes",
    year="1948",
    edition="1",
    Publisher="McGraw-Hill",
    howpublished = "\href{http://www.tubebbs.com/tubedata/other/docs/svt/}{Website}"
}
    
@online{wolframalpha,
    author    = "Wolfram Alpha Website",
    howpublished = "\href{https://www.wolframalpha.com/}{Website}"
}

@online{dawnmass,
    author    = "NASA",
    title     = "
    howpublished = "\href{https://dawn.jpl.nasa.gov/news/pdf/Dawn-Ceres-presskit_20150227.pdf}{Website}"
}

@online{code,
    author ="Florian Le Bourdais"
    title="Charged Particle Trajectories in Electric and Magnetic Fields"
    howpublished= "https://flothesof.github.io/charged-particle-trajectories-E-and-B-fields.html"
}
@online{maglens,
    author= "Quick-Field Modelling Software"
     howpublished=" https://quickfield.com/advanced/magnetic_lense.htm"
 }

